3766 5618
719 1602 1068 1684 PRAEFATIO.

843 1787 949 1796 ---

334 1875 427 1951 Quod
451 1876 566 1939 scriem
590 1876 759 1940 consulum
781 1875 855 1939 inde
880 1896 899 1938 a
918 1872 1067 1939 Caesaris
1089 1893 1166 1936 nece
1190 1891 1290 1954 usque
1314 1870 1354 1934 ad
1377 1871 1548 1954 imperium

244 1981 439 2046 Diocletiani
462 1982 631 2046 restituere
659 1985 794 2045 conatus
819 2002 904 2063 sum,
932 2001 999 2044 non
1027 1977 1177 2042 inutilem
1200 1977 1344 2041 laborem
1368 1978 1547 2060 suscepisse

246 2086 327 2150 mihi
355 2085 488 2150 videor!
524 2109 664 2171 namque
691 2087 785 2152 fastis
815 2085 1040 2152 consularibus
1069 2083 1186 2148 aetatis
1214 2083 1457 2166 imperatoriae,
1483 2105 1547 2166 quo

247 2192 341 2256 modo
365 2193 443 2256 editi
462 2192 537 2276 sint,
560 2194 703 2258 virorum
723 2194 890 2258 doctorum
910 2190 984 2255 usui
1002 2211 1116 2273 parum
1134 2192 1341 2272 prospectum
1361 2210 1430 2252 csse
1452 2210 1547 2252 nemo

152 2340 156 2346 ι
246 2298 388 2382 negabit,
412 2298 467 2382 qui
490 2299 632 2383 aliquam
655 2299 772 2365 horum
795 2298 977 2364 studiorum
999 2295 1152 2362 notitiam
1175 2295 1304 2378 habeat,
1328 2298 1361 2359 et
1379 2294 1549 2379 Borghesii

172 2393 177 2399 ’
246 2426 327 2488 opus
353 2404 513 2469 fastorum
546 2405 766 2470 consularium
795 2406 939 2488 doctum,
966 2403 1127 2487 Iuppiter,
1157 2406 1190 2466 et
1218 2401 1430 2479 laboriosum,
1458 2401 1549 2465 cuius

245 2510 418 2574 editionem
448 2511 488 2576 ab
518 2512 681 2577 academia
707 2511 884 2576 Parisiensi
911 2510 1020 2594 parari
1047 2513 1160 2575 notum
1185 2512 1249 2592 est,
1276 2529 1377 2592 usque
1400 2507 1548 2572 adhunc

244 2616 330 2680 diem
353 2620 567 2699 exspectatur.
613 2619 678 2682 iam
707 2617 762 2703 qui
789 2616 897 2701 prodit
924 2616 1054 2680 libellus
1079 2618 1276 2699 quantopere
1300 2637 1319 2678 a
1341 2614 1549 2697 perfectionis
1576 2660 1580 2669 -

242 2722 337 2786 laude
365 2722 549 2803 abhorreat,
578 2724 718 2807 perbene
751 2724 864 2788 sentio.
916 2722 942 2786 si
971 2721 1099 2807 quidem
1127 2721 1274 2786 mihimet
1302 2722 1372 2804 ipse
1400 2721 1548 2786 conscius

244 2851 329 2912 sum,
358 2829 434 2894 novi
457 2829 523 2893 fere
551 2830 631 2894 nihil
660 2852 679 2893 a
707 2851 757 2893 me
786 2828 902 2894 afferri.
953 2827 1139 2911 ceteroquin
1166 2827 1235 2893 noli
1263 2827 1408 2892 oblivisci
1436 2849 1488 2892 me
1516 2828 1548 2893 id

244 2935 390 3000 omnium
416 2937 554 3000 maxime
583 2937 703 3021 egisse,
731 2939 767 2999 ut
793 2916 984 2999 testimonia
1013 2938 1181 2998 auctorum
1210 2937 1243 2997 et
1265 2939 1547 2999 monumentorum

247 3040 487 3125 sententiasque
504 3042 648 3105 virorum
667 3042 834 3106 doctorum
849 3039 939 3104 -haud
958 3062 1032 3104 raro
1051 3039 1135 3103 inter
1154 3062 1188 3103 se
1208 3040 1438 3124 discrepantes,
1457 3062 1548 3125 quae,

243 3150 279 3209 ut
311 3149 387 3210 sunt
413 3146 465 3211 hic
493 3147 561 3212 illic
588 3147 766 3232 dispersae,
798 3146 971 3210 maximam
1005 3149 1131 3229 partem
1160 3146 1230 3210 sine
1256 3146 1364 3211 fructu
1393 3147 1548 3232 latebant,

246 3252 440 3337 colligerem,
454 3275 519 3316 uno
533 3253 567 3316 in
582 3258 757 3337 conspectu
772 3274 934 3337 ponerem,
948 3252 1165 3317 diiudicarem.
1203 3253 1318 3337 quodsi
1337 3253 1384 3317 ita
1399 3255 1547 3319 effectum

247 3361 303 3438 est,
329 3361 365 3422 ut
394 3358 449 3442 qui
476 3381 584 3423 rerum
611 3382 818 3426 romanarum
847 3359 962 3424 studiis
991 3358 1092 3423 dediti
1121 3362 1209 3442 sunt,
1237 3359 1409 3443 praecipue
1438 3363 1547 3425 autem

247 3461 302 3544 qui
321 3463 365 3526 eis
383 3485 515 3548 operam
535 3466 611 3529 dare
630 3467 799 3550 incipiunt,
816 3468 881 3530 iam
897 3464 1014 3530 stabile
1029 3487 1091 3549 quo
1106 3466 1288 3529 innitantur
1301 3464 1572 3547 fundamentum,

245 3570 409 3653 reperiant
427 3593 516 3656 neve,
535 3577 572 3636 ut
590 3572 693 3637 adhuc
712 3571 841 3655 saepius
861 3593 940 3656 opus
957 3575 1034 3655 erat,
1054 3575 1126 3635 acta
1145 3571 1269 3656 agendo
1288 3575 1417 3657 tempus
1431 3577 1547 3657 terant,

244 3676 393 3759 equidem
416 3699 548 3760 prorsus
571 3679 604 3742 id
628 3679 713 3764 quod
736 3679 825 3743 volui
849 3682 1037 3743 consecutus
1062 3699 1142 3742 sum.

331 3781 427 3847 Nunc
449 3783 515 3847 iam
538 3785 649 3867 paucis
674 3807 842 3870 exponam,
866 3806 928 3868 quo
953 3784 1048 3849 modo
1071 3805 1139 3849 rem
1158 3784 1365 3850 instituerim.
1406 3786 1547 3869 primum

241 3909 282 3951 ne
306 3890 453 3971 opusculi
472 3891 649 3956 auctoritas
668 3892 791 3956 incerta
810 3890 905 3956 certis
925 3884 1088 3955 miscendo
1107 3891 1312 3975 minueretur,
1336 3913 1353 3954 e
1377 3893 1545 3957 consulum

242 3994 448 4059 suffectorum
485 4017 618 4062 numero
656 4019 710 4062 eos
747 3996 969 4062 tantummodo
1001 3996 1122 4080 recepi,
1160 4019 1297 4081 quorum
1328 4000 1457 4082 tempus
1491 4003 1547 4062 aut

243 4105 392 4165 accurate
423 4102 579 4167 traditum
617 4108 668 4168 est
704 4107 761 4168 aut
791 4104 954 4187 probabili
986 4103 1102 4168 saltem
1140 4104 1324 4169 coniectura
1355 4105 1546 4190 investigari

242 4209 364 4289 potest,
393 4209 540 4273 consules
568 4215 677 4275 autem
705 4210 906 4295 designatos,
933 4231 1014 4293 qnos
1043 4232 1168 4276 summo
1196 4213 1390 4298 magistratu
1419 4213 1546 4278 functos

243 4334 312 4377 esse
341 4313 435 4377 certis
463 4316 657 4381 testimoniis
686 4317 859 4385 memoriae
886 4316 1049 4399 proditum
1077 4321 1230 4401 nonest,
1259 4319 1387 4384 silentio
1416 4319 1544 4403 quidem

241 4420 545 4502 praetermittendos
568 4444 634 4488 non
657 4423 768 4507 putavi
793 4422 849 4486 scd
873 4423 901 4485 ei
926 4444 1010 4486 anno
1035 4422 1272 4507 adscribendos,
1294 4410 1359 4509 quo
1384 4426 1545 4511 designati

242 4524 431 4590 referuntur.
484 4548 547 4610 qua
579 4527 617 4590 de
649 4549 684 4592 re
717 4549 811 4612 spero
844 4514 1070 4614 intellegentes
1103 4532 1200 4612 atque
1233 4551 1332 4614 aeque
1365 4531 1543 4598 iudicantes

242 4630 323 4694 mihi
346 4632 540 4697 adsensuros
564 4655 642 4697 esse.
683 4634 792 4699 norint
816 4634 910 4717 enim,
933 4635 1010 4700 licet
1031 4634 1118 4699 haud
1140 4658 1244 4720 pauca
1267 4660 1348 4721 quae
1371 4639 1434 4703 viri
1458 4639 1545 4704 docti

241 4736 279 4800 de
298 4738 382 4802 veris
402 4738 587 4803 nominibus
602 4741 768 4804 consulum
784 4740 997 4806 suffectorum
1006 4742 1138 4807 annisve
1153 4744 1268 4827 quibus
1283 4745 1387 4809 fasces
1402 4746 1546 4810 rexerint

239 4842 431 4937 indagandis
446 4845 661 4931 protulerunt,
679 4867 745 4911 nou
758 4845 864 4912 minus
879 4847 1045 4932 ingeniose
1065 4851 1249 4935 excogitata
1268 4874 1364 4935 quam
1384 4853 1544 4937 sagaciter
