3766 5618
334 600 499 684 disputata
521 621 591 664 esse
616 600 853 665 concedendum
876 602 931 684 sit,
954 605 1064 665 tamen
1088 601 1185 686 longe
1208 602 1350 685 plurima
1373 623 1483 667 eorum
1507 604 1542 666 in
1565 625 1637 668 con·

333 707 457 770 iectura
483 706 591 789 posita
619 729 688 771 esse
716 708 796 772 satis
823 707 947 772 incerta
974 711 1019 771 et‘
1034 728 1136 791 paene
1164 708 1274 772 omnia
1302 709 1350 772 ita
1377 714 1579 794 comparata,
1601 712 1663 772 ut*

334 811 421 876 felici
436 834 512 875 casu
525 811 757 897 fortunatoque
772 814 880 899 ligone
895 814 1003 898 potius
1018 835 1114 897 quam
1129 815 1409 897 argumentatione
1424 815 1638 880 subtilissima

334 917 374 980 ad
407 917 564 1001 liquidum
596 918 820 1001 perducantur.
875 919 998 983 accedit
1030 919 1115 1004 quod
1147 920 1315 984 consulum
1353 920 1560 985 suffectorum
1591 943 1638 985 re·

335 1046 469 1088 censum
488 1023 596 1109 aliqua
615 1047 653 1088 ex
671 1029 763 1109 parte
781 1027 913 1109 plenum
931 1048 1034 1109 neque
1054 1026 1123 1090 sine
1138 1027 1376 1091 commentariis
1395 1026 1513 1111 amplis
1526 1049 1638 1111 neque,

335 1136 508 1215 antequam
528 1152 645 1214 corpus
664 1131 910 1215 inscriptionum
928 1131 1105 1195 latinarum
1129 1132 1312 1196 absolutum
1333 1133 1384 1216 sit,
1402 1133 1513 1216 perfici
1531 1156 1637 1218 posse,

333 1258 390 1320 per
414 1257 448 1299 se
470 1235 564 1300 facile
588 1236 794 1322 intellegitur.

423 1342 462 1407 In
484 1342 564 1425 ipsis
588 1343 756 1407 consulum
779 1342 900 1408 tabulis
924 1342 1153 1425 componendis
1176 1365 1246 1408 eam
1266 1344 1345 1407 mihi
1364 1345 1468 1430 legem
1487 1346 1637 1431 imposui,

334 1451 370 1511 ut
393 1435 469 1530 prae
497 1448 612 1512 ceteris
640 1450 825 1513 auctoritati
852 1449 1011 1513 fastorum
1039 1448 1200 1531 lapidibus
1233 1450 1475 1535 inscriptorum,
1504 1449 1635 1535 Capito·

333 1553 475 1619 linorum
503 1554 573 1618 dico
602 1559 635 1618 et
662 1557 824 1620 minorum
852 1555 1005 1637 aliorum,
1028 1577 1108 1639 quos
1131 1577 1265 1620 numero
1288 1554 1496 1621 Henaeniano
1520 1558 1638 1641 ubique

335 1661 443 1724 addito
471 1640 615 1743 laudavi,
647 1683 808 1744 parerem,
839 1662 895 1726 ubi
924 1664 1034 1725 autem
1057 1662 1086 1724 ei
1115 1661 1283 1744 deficiunt,
1314 1662 1427 1727 titulos
1458 1663 1533 1727 anni
1560 1668 1639 1728 nota

335 1771 511 1832 instructos
534 1770 630 1850 atque
652 1767 827 1832 laterculos
855 1768 1039 1832 consulares
1068 1768 1206 1850 scriptos
1230 1788 1380 1853 sequerer
1403 1769 1507 1834 duces.
1552 1769 1638 1833 inter

330 1895 390 1937 eos
417 1873 513 1938 facile
541 1872 719 1957 principem
751 1875 858 1938 locum
890 1874 1017 1938 obtinet
1044 1872 1318 1957 chronographus
1350 1875 1426 1953 anni
1455 1874 1534 1957 354,
1562 1876 1639 1958 quia

335 1980 445 2044 multis
469 1978 550 2043 locis
574 1980 662 2044 solus
690 2002 799 2045 veram
827 1981 995 2045 nominum
1023 1980 1217 2062 scripturam
1246 1980 1383 2045 exhibet.
1431 1981 1471 2044 ad
1494 1980 1639 2045 codicum

334 2106 433 2149 manu
457 2084 651 2167 scriptorum
676 2086 770 2149 fidem
790 2086 912 2170 optime
931 2086 1035 2149 editus
1055 2090 1105 2149 est
1123 2108 1143 2150 a
1161 2084 1364 2151 Mommseno
1385 2082 1562 2173 (Abhandl.
1582 2086 1638 2150 der

338 2191 442 2256 stchs.
466 2210 531 2275 ges.
555 2191 611 2254 der
634 2192 718 2256 11111.
741 2191 908 2275 hist-phil.
933 2193 970 2257 cl.
997 2191 1144 2274 1,1850‚
1167 2215 1197 2276 p.
1217 2194 1279 2257 611
1293 2194 1359 2279 11.),
1386 2192 1441 2277 qui
1464 2194 1503 2256 de
1526 2193 1638 2257 eodem

335 2297 418 2361 dixit
440 2297 480 2361 ad
505 2294 587 2362 (1.1.
609 2296 645 2362 L.
672 2300 687 2361 1
713 2321 743 2382 p.
762 2299 837 2363 483.
881 2296 1136 2382 chronographo
1155 2299 1258 2363 multo
1277 2298 1447 2364 inferiores
1467 2303 1542 2363 sunt
1561 2298 1639 2362 fasti

334 2403 431 2467 ldatii
450 2406 484 2465 et
501 2402 668 2486 Prosperi;
689 2425 830 2488 namque
849 2425 915 2467 non
935 2404 1040 2467 solum
1061 2404 1189 2469 saeculo
1208 2404 1404 2469 recentiores
1424 2407 1510 2487 sunt,
1527 2425 1637 2469 verum
1704 2387 1709 2395 ¹

334 2509 432 2573 etiarn
462 2509 503 2572 ab
532 2507 629 2573 huius
661 2510 849 2594 integritate
883 2510 1012 2594 longius
1040 2511 1203 2576 recedunt.
1252 2510 1355 2576 nihilo
1388 2515 1497 2575 tamen
1530 2509 1638 2573 minus

335 2615 431 2679 ambo
454 2615 488 2678 in
512 2637 643 2680 censum
670 2615 778 2679 vocari
808 2615 981 2699 debebant,
1010 2616 1086 2698 quia
1113 2637 1151 2679 ex
1180 2616 1253 2680 aliis
1276 2616 1420 2680 fontibus
1444 2637 1519 2679 suos
1542 2615 1637 2678 later·

334 2721 423 2785 culos
448 2722 666 2804 compilarunt
690 2725 723 2785 et
746 2721 938 2806 aliquotiens
958 2721 1021 2786 1111
1040 2725 1136 2806 atque
1156 2720 1428 2807 Chronographns
1447 2720 1579 2785 nomina
1598 2719 1637 2783 ad

335 2848 438 2892 annos
462 2826 636 2912 signandos
661 2827 835 2913 elegerunt.
877 2828 993 2911 quibus
1013 2829 1169 2892 accedunt
1188 2828 1250 2892 duo
1270 2828 1430 2891 fastorum
1449 2847 1637 2912 graecorum

335 2934 490 3021 exempla,
513 2933 553 2997 ab
578 2933 672 2997 annis
699 2934 761 2998 138
786 2939 819 2998 et
842 2914 1057 3018 2221111111.
1086 2935 1323 3018 incipientium,
1347 2955 1427 3017 quos
1452 2931 1639 2997 Dodwellus

335 3039 439 3104 editor
456 3040 606 3122 princeps
624 3040 728 3104 fastos
747 3038 890 3103 Heraclii
909 3043 942 3103 et
956 3039 1107 3117 Theonis,
1127 3039 1413 3103 Relaudusfastos
1433 3037 1639 3102 Florentinos

337 3146 477 3209 maiores
492 3149 525 3209 et
539 3145 690 3230 minores,
709 3166 769 3230 ego
785 3145 921 3230 denique
940 3144 1111 3210 brevitatis
1130 3166 1226 3210 causa
1246 3144 1419 3210 secundum
1437 3143 1641 3208 Dindorfium

333 3254 437 3316 fastos
472 3272 605 3335 graecos
634 3250 715 3315 XIlI
743 3256 776 3314 11
803 3250 881 3315 XIV
914 3251 1162 3334 appellavimus,
1195 3272 1338 3335 quosque
1371 3271 1443 3314 cum
1476 3249 1640 3314 codicibus

336 3359 467 3442 optimis
496 3357 714 3423 Laurentiano
742 3357 900 3442 XXVllI,
923 3358 965 3422 26
999 3361 1032 3421 11
1059 3356 1207 3422 Leidensi
1239 3357 1324 3421 inter
1356 3355 1530 3421 orientales
1556 3357 1641 3420 1102

308 3533 324 3545 „
337 3465 392 3550 (11.
415 3488 444 3529 1.
464 3465 492 3528 11.
511 3464 637 3549 Hagen,
660 3462 752 3529 Obss.
776 3464 811 3528 in
834 3464 976 3529 Theonis
999 3464 1102 3529 fastos
1126 3485 1173 3549 gr.
1195 3490 1223 3544 p.
1243 3464 1309 3527 324
1323 3462 1378 3547 ss.)
1403 3462 1641 3527 accuratissime

335 3571 474 3636 collatos
506 3570 670 3636 Useneri
699 3572 836 3636 comitas
859 3571 939 3634 mihi
963 3571 1190 3654 suppeditavit.
1243 3569 1342 3633 etiam
1369 3568 1418 3651 hi,
1447 3589 1640 3653 quamquam

336 3677 461 3740 mendis
490 3697 584 3740 omne
612 3696 713 3760 genus
742 3675 939 3741 foedissimis
967 3678 1113 3756 scatent,
1136 3695 1340 3759 nequaquam
1364 3673 1532 3757 spernendi
1556 3677 1640 3737 sunt.

336 3784 390 3866 qui
413 3786 542 3866 praeter
564 3781 625 3847 hos
655 3782 816 3845 chronicis
844 3782 910 3845 suis
938 3780 1041 3845 fastos
1071 3780 1255 3844 consulares
1282 3778 1418 3842 inseruit
1446 3775 1638 3842 cassiodoro

336 3911 401 3954 non
424 3911 502 3952 usus
531 3910 601 3952 sum
629 3888 693 3952 nisi
721 3909 821 3971 usque
851 3887 891 3952 ad
919 3880 1038 3951 annum
1063 3887 1103 3949 31
1134 3889 1209 3969 post
1232 3883 1315 3969 Ohr,
1339 3885 1492 3970 quoniam
1516 3882 1544 3946 is
1567 3882 1639 3946 inde

338 3994 465 4061 abhoc
489 4016 573 4059 anno
603 3994 770 4060 consulum
799 3994 937 4078 collegia
963 4014 1030 4058 non
1059 3996 1096 4057 ut
1118 3991 1153 4054 in
1175 3990 1283 4075 priore
1306 3990 1453 4055 laterculi
1477 3990 1526 4054 sui
1548 3991 1640 4073 parte

337 4124 376 4165 ex
399 4101 483 4165 Livii
511 4100 684 4164 annalibus
712 4099 763 4163 111
792 4099 901 4183 potius
930 4120 968 4162 ex
997 4099 1140 4181 epitoma
1171 4119 1282 4161 eorum
1311 4096 1491 4179 antiquiore
1520 4096 1574 4160 sed
1603 4116 1641 4157 ex

337 4206 492 4289 Victorio,
518 4205 571 4269 hic
599 4208 708 4269 autem
736 4227 774 4269 ex
798 4204 958 4287 Prospero
981 4204 1099 4270 hausit.
1123 4204 1162 4269 11.
1185 4204 1379 4284 Mommsen,
1402 4201 1562 4265 Abhandl.
1586 4201 1642 4264 der
1697 4263 1700 4267 .

339 4312 442 4378 1111111.
458 4332 524 4396 ges.
544 4313 600 4376 der
618 4312 704 4375 11111.
722 4311 890 4394 hist-phil.
910 4311 948 4374 cl.
968 4311 998 4393 3,
1016 4311 1108 4388 1861,
1128 4332 1159 4393 p.
1173 4310 1274 4374 5651.
1311 4330 1383 4373 cum
1399 4329 1476 4372 vero
1490 4306 1642 4391 Prosperi

339 4419 479 4484 editione
513 4418 626 4483 critica
658 4438 754 4501 aegre
792 4415 896 4481 adhuc
928 4438 1108 4498 careamus,
1136 4415 1361 4499 percommode
1395 4412 1524 4495 accidit,
1556 4412 1641 4497 quod

338 4525 558 4589 Mommsenus
590 4524 611 4589 1.
644 4546 669 4587 c.
702 4546 731 4608 p.
760 4523 880 4587 66111.
911 4522 1019 4587 varias
1055 4523 1209 4587 lectiones
1248 4521 1392 4586 codicum
1423 4518 1641 4583 Bruxellensis
1749 4583 1759 4593 ,

340 4632 489 4716 Prosperi
516 4636 549 4694 11
575 4630 799 4714 Lugdunensis
829 4626 1027 4713 Scaligerani
1055 4631 1112 4712 28,
1140 4629 1194 4714 qui
1221 4628 1411 4693 laterculum
1440 4626 1641 4690 consularem

340 4761 357 4801 1
380 4737 518 4802 Victorii
542 4757 664 4801 canone
688 4735 833 4819 paschali
858 4738 1043 4819 excerptum
1067 4736 1225 4817 continet,
1249 4733 1371 4818 publici
1394 4733 1475 4795 iuris
1498 4731 1583 4807 fecit,
1606 4735 1642 4794 ut

340 4845 438 4909 etiam
461 4845 500 4908 dc
523 4842 674 4926 Prosperi
697 4841 884 4907 testimonio
913 4841 1031 4906 certius
1059 4841 1211 4906 iudicium
1240 4841 1317 4904 ferri
1339 4840 1452 4923 possit.
1496 4838 1641 4901 tabulam
