3766 5618
750 428 975 473 -v11—

287 586 314 635 p.
334 572 367 621 87
386 565 512 619 testim.
532 572 548 619 2
568 565 604 618 ad
624 582 648 619 a.
668 571 719 619 948
743 565 772 618 in
795 566 849 619 fine
875 582 949 619 nune
968 565 1055 618 addes
1073 565 1173 619 verba:
1199 566 1244 619 ‘ot
1265 583 1336 634 quae
1354 567 1441 620 iidem
1459 566 1512 620 viri

212 655 290 709 docti
308 655 499 708 disseruerunt
516 653 546 706 in
565 653 654 707 diario
673 654 789 708 laudato
810 654 919 708 19101.
942 660 1008 708 1881
1028 659 1108 721 1.,82
1128 655 1157 707 et
1177 661 1208 708 12
1228 654 1306 709 Febr.
1326 674 1353 724 p.
1375 657 1446 710 119’.

282 761 309 811 p.
330 750 361 797 91
382 742 511 797 testim.
531 742 567 796 ed
586 759 611 797 a.
631 748 682 797 919
698 743 760 796 dele
774 743 870 797 verbe:
894 741 935 804 ‘Q
955 743 974 794 Ι.
994 741 1024 794 L.
1040 749 1064 807 6,
1079 748 1144 796 8631
1246 743 1273 796 k.
1293 742 1394 797 Febr.'.
1413 743 1512 797 titulus

214 831 288 884 enim
307 833 351 884 est
369 831 435 885 enni
454 837 514 885 997.
1474 834 1480 844 ”

283 938 309 988 p.
330 926 363 973 93
378 919 593 975 testimoniis
608 919 644 972 ed
659 936 682 973 e..
699 926 750 974 966
765 919 799 973 de
814 917 955 972 Gordiano
971 918 1055 972 udde:
1073 919 1118 972 ‘of.
1134 918 1339 989 Dittenberger,
1354 920 1470 974 Hermes
1482 927 1513 974 13

210 1027 237 1076 p.
257 1016 291 1063 89
310 1010 368 1061 not.
391 1010 426 1062 1'.

280 1116 307 1166 p.
328 1104 361 1153 96
381 1098 454 1152 adn.
474 1097 546 1152 crit.
567 1104 583 1151 2
603 1098 688 1151 adde:
710 1099 895 1170 ‘Eudemowoe
909 1116 958 1150 και
976 1100 1118 1157 Σελευκος
1137 1095 1220 1151 Fare
1236 1114 1277 1167 pr.
1300 1098 1387 1150 XIII
1391 1098 1409 1151 '.

280 1205 307 1255 p.
329 1193 378 1240 108
397 1186 523 1240 testim.
549 1187 584 1239 ad
607 1202 631 1239 e.
657 1193 725 1240 1013
749 1186 779 1238 iu
802 1186 857 1238 fine
881 1184 967 1238 adde:
994 1184 1040 1239 ‘of.
1065 1183 1186 1252 Comini,
1211 1184 1300 1239 Series
1324 1186 1410 1254 prees.
1436 1186 1512 1239 urbis

210 1293 236 1343 p.
259 1281 308 1328 139
319 1275 366 1329 0.’.

281 1383 307 1432 p.
329 1369 378 1416 111
403 1363 474 1418 adn.
498 1354 572 1416 erit.
597 1364 633 1415 ad
656 1379 680 1417 0,
706 1369 773 1416 1029
804 1362 904 1415 addere
933 1361 1018 1414 debui
1040 1360 1251 1416 Tillemoutium
1279 1361 1344 1416 hist.
1369 1362 1418 1416 des
1441 1380 1511 1432 emp.

211 1469 278 1507 rom.
298 1460 324 1519 3,
343 1457 395 1506 538
415 1452 471 1504 iam
489 1468 539 1519 pro
560 1452 610 1504 *ΙΙΙ
628 1469 691 1505 non.
711 1450 803 1504 Febr’
829 1467 872 1517 ap.
892 1448 1043 1518 Vopiscum
1062 1469 1086 1503 v.
1108 1449 1194 1503 Probi
1214 1456 1255 1515 11,
1275 1457 1290 1504 5
1312 1451 1361 1502 ‘III
1378 1469 1442 1506 non.
1461 1452 1512 1505 Iul.

212 1542 257 1594 vel
275 1541 356 1609 Aug?
377 1554 511 1606 reponere
534 1539 664 1592 voluisse.
703 1537 842 1593 consentit
864 1536 952 1606 igitur
977 1537 1046 1589 mihi
1066 1537 1214 1604 statuenti,
1235 1538 1411 1592 consulatum
1431 1541 1510 1593 Seor-

215 1629 289 1696 piani
306 1627 336 1681 in
355 1628 539 1695 posteriorem
556 1630 667 1696 partem
685 1626 751 1681 anni
769 1626 909 1680 incidisse.

300 1771 486 1837 Scribebem
509 1772 641 1836 Bonnae
665 1794 774 1835 mense
797 1771 972 1835 Februario
996 1794 1024 1835 a.
1050 1772 1143 1835 1881.

959 1964 969 1997 t
