3766 5618
898 450 1107 495 „VI-

441 591 587 676 Denique
616 612 688 655 cum
721 590 941 675 praevideam,
970 613 1140 655 numerum
1171 612 1280 654 corum
1312 593 1366 675 qui
1394 592 1481 657 hunc
1511 594 1656 659 libellum

352 703 458 764 totum
481 699 652 782 perlegant
675 696 824 781 exiguum
848 697 926 779 fore,
950 698 1054 762 multo
1078 700 1186 760 autem
1210 697 1366 761 maiorem
1388 720 1507 783 eorum,
1531 700 1586 784 qui
1604 700 1657 766 hic

351 805 418 868 illic
442 825 514 867 eum
538 803 718 885 consulant,
740 805 806 866 tres
830 802 937 866 addidi
960 801 1082 866 indices
1105 802 1379 886 locupletissimos
1404 827 1423 868 a
1445 806 1655 889 memetipso

356 910 531 976 confectos.
568 930 703 992 quorum
717 908 840 991 primus
860 911 909 972 601
923 909 1154 991 imperatorum
1170 909 1345 992 domusque
1360 931 1480 994 eorum,
1500 910 1656 975 secundus

353 1019 385 1081 et
407 1015 523 1080 tertius
539 1015 795 1098 complectuntur
810 1016 944 1080 nomina
958 1019 991 1079 et
1012 1016 1205 1100 cognomina
1227 1017 1443 1100 privatorum,
1466 1018 1549 1082 unde
1572 1040 1655 1082 unus

356 1107 491 1205 quisque
514 1122 604 1186 nullo
626 1121 758 1204 negotio
782 1121 900 1186 certior
921 1121 1149 1205 fiat,‘quinam
1177 1123 1325 1187 consules
1356 1123 1534 1207 quibusque
1563 1124 1656 1188 annis

356 1232 592 1294 recenseantur.

441 1367 553 1432 Habes
585 1347 688 1432 libelli
719 1367 887 1432 consilium
920 1390 958 1432 ac
989 1368 1149 1433 rationem
1182 1392 1202 1433 a
1233 1393 1284 1434 me
1316 1370 1475 1455 exposita,
1508 1373 1546 1434 ut
1577 1370 1654 1453 quid

353 1478 519 1559 praestare
551 1472 707 1538 voluerim
735 1495 775 1537 ne
807 1474 937 1558 ignores
971 1496 1052 1539 neve
1079 1477 1152 1559 plus
1184 1479 1333 1560 expectes
1363 1498 1461 1559 quam
1491 1480 1656 1560 praestare

355 1582 525 1666 potuerim.
562 1580 627 1644 iam
651 1579 751 1665 igitur
770 1581 878 1664 accipe
897 1581 1016 1645 librum
1035 1582 1141 1665 ipsum
1162 1582 1283 1646 editum
1302 1583 1429 1668 qualem
1450 1582 1542 1646 edere
1556 1580 1657 1665 potui.

358 1693 391 1752 01
410 1689 438 1751 01
456 1692 563 1752 tecum
582 1686 792 1770 reputaveris,
816 1687 871 1771 qui
891 1691 924 1752 et
942 1691 1080 1771 quantus
1100 1688 1192 1753 labor
1210 1689 1316 1767 fuerit,
1340 1688 1430 1752 cuius
1453 1688 1506 1752 vix
1525 1686 1657 1751 dimidia

357 1817 433 1878 pars
457 1793 570 1858 lectori
593 1793 764 1877 perspicua
786 1797 849 1877 est,
872 1794 1010 1878 benigne
1033 1793 1172 1859 fortasse
1195 1795 1360 1860 iudicabis.

446 1969 532 2034 Dum
555 1969 682 2033 libellus
706 1970 796 2052 prelo
819 1970 989 2054 premitur,
1012 1972 1186 2036 subnatum
1209 1976 1259 2035 601
1281 1970 1343 2035 hoc
1367 1971 1584 2037 addendorum
1607 1972 1657 2035 vel

352 2076 616 2161 corrigendorum
640 2075 857 2174 spicilegium:

425 2269 453 2320 p.
474 2257 530 2318 7,5
550 2251 621 2306 adn.
642 2250 715 2304 orIt.
736 2249 820 2302 adde:
843 2247 963 2301 ‘Taurus
983 2264 1038 2301 000.
1057 2248 1070 2301 Ι
1088 2249 1143 2302 fuit
1161 2266 1185 2303 a.
1206 2248 1278 2304 717’.

423 2359 453 2408 p.
471 2340 515 2406 11,
532 2347 546 2394 7
566 2339 638 2392 adn.
659 2337 735 2392 crit.
755 2337 840 2391 addc:
861 2336 1037 2406 ‘Mommsem
1056 2337 1174 2391 Hermes
1192 2338 1213 2390 t.
1234 2344 1249 2391 3
1267 2356 1295 2406 p.
1316 2344 1349 2392 70
1367 2356 1394 2390 n.
1416 2338 1451 2392 1’.

422 2447 449 2497 p.
470 2434 503 2483 36
522 2426 739 2481 testimoniis
759 2426 795 2479 ad
814 2443 838 2480 a.
858 2425 955 2496 808f55
975 2425 1119 2479 addendus
1138 2428 1182 2480 001
1203 2424 1304 2480 titulus
1322 2426 1447 2480 thracius
1466 2426 1602 2495 (Bulletin
1621 2428 1655 2481 de

352 2517 878 2586 οο(00ορ.101101.4,1880,ρ.5181
904 2515 1036 2586 [Nerone]
1062 2515 1177 2570 Caesare
1200 2517 1272 2586 Aup.
1297 2522 1322 2570 et
1344 2516 1466 2569 Antistio
1496 2515 1586 2569 Vetere
1604 2532 1654 2569 cos.

423 2624 450 2674 p.
467 2612 508 2673 51,
525 2613 539 2661 7
560 2606 630 2659 adn
651 2605 725 2659 crit.
746 2601 867 2658 excidit:
883 2603 929 2655 ‘de
943 2602 1083 2671 prioribus
1096 2603 1206 2658 Nervae
1222 2602 1412 2658 consulatibus
1426 2621 1451 2656 v.
1467 2620 1491 2655 a.
1507 2609 1539 2658 71
1555 2605 1653 2659 0190’,

420 2712 448 2762 p.
468 2700 511 2761 60,
531 2699 546 2748 5
566 2693 638 2747 adn.
658 2691 732 2749 erit.
753 2692 801 2759 eis,
820 2708 891 2759 quae
911 2692 945 2746 10
963 2693 1090 2761 tempore
1117 2692 1201 2761 primi
1226 2692 1386 2745 consulatus
1403 2690 1471 2745 Veri
1490 2690 1565 2767 dicta
1584 2694 1656 2759 sunt,

351 2784 423 2837 adde
440 2800 522 2851 nunc,
541 2798 612 2850 quae
630 2783 650 2836 Ι.
669 2781 783 2834 Asbach
802 2780 902 2835 Rhein.
920 2781 998 2837 Mus.
1012 2787 1045 2835 36
1064 2799 1091 2849 p.
1111 2787 1144 2835 46
1165 2781 1228 2836 adn.
1249 2789 1261 2835 1
1284 2779 1448 2848 disputavit.

424 2891 451 2940 p.
467 2879 500 2926 63
520 2871 556 2925 ad
575 2887 599 2926 a.
619 2876 670 2925 879
690 2871 903 2925 testimoniis
924 2870 958 2924 de
977 2868 1068 2923 Annio
1083 2869 1157 2923 Vero
1171 2872 1215 2923 ter
1230 2869 1342 2923 consule
1357 2869 1501 2923 addendus
1515 2870 1560 2922 est
1579 2868 1658 2937 Capi-

355 2960 460 3015 tolinus
474 2979 500 3017 v.
514 2959 603 3014 Marci
618 2965 641 3029 1,
656 2966 671 3013 2
692 2958 822 3013 certatim
837 2960 976 3013 correctus
996 2975 1013 3011 a
1030 2957 1129 3012 Petero
1145 2958 1174 3012 et
1187 2956 1384 3026 Petschenigio
1400 2956 1658 3025 Sitzungsberichte
1674 3025 1678 3033 ι
1727 3006 1729 3010 ,

356 3049 405 3104 der
422 3049 504 3104 wien.
522 3048 607 3102 Acad.
626 3047 776 3116 phil.-hist.
796 3048 830 3101 01.
851 3054 893 3114 93,
914 3053 991 3115 1879,
1010 3065 1037 3116 p.
1055 3052 1115 3100 391.

424 3156 450 3207 p.
471 3136 651 3192 6610011111.
671 3137 708 3191 ad
726 3154 751 3192 a.
771 3142 823 3191 889
842 3136 908 3204 post
929 3134 1047 3190 ‘Civica'
1068 3132 1173 3188 excidit
1193 3133 1282 3187 ‘cos.’.

423 3243 450 3294 p.
470 3231 512 3292 67,
532 3231 547 3279 8
568 3226 639 3279 adn.
660 3225 734 3280 crit.
753 3223 865 3293 paginis
885 3229 989 3278 67-80
1008 3221 1066 3276 iam
1085 3221 1222 3291 expressis
1241 3222 1330 3275 fastos
1349 3239 1389 3289 gr.
1409 3221 1476 3274 XIII
1494 3223 1523 3276 et
1541 3222 1605 3277 XIV
1625 3240 1659 3278 ex

334 3313 495 3368 'codicibus
513 3313 593 3367 Laui.
618 3315 648 3367 61
669 3313 745 3368 Leid.
771 3313 925 3382 descriptos
951 3314 1070 3365 nanctus
1094 3329 1162 3364 sum.
1199 3311 1273 3364 unde
1297 3327 1396 3364 moneo
1420 3312 1502 3365 notas
1526 3314 1657 3367 accentus

353 3405 382 3458 01
400 3402 516 3471 spiritus
534 3401 628 3456 ubivis
648 3402 781 3456 delendas
801 3417 869 3454 esse.
1243 3394 1249 3403 ⁴

423 3510 450 3560 p.
471 3499 514 3558 67,
534 3497 550 3545 5
569 3492 641 3545 adn.
663 3492 737 3545 orit.
758 3489 934 3544 scribendum
952 3488 1007 3542 fuit
1025 3494 1166 3551 Αντωνιος
1186 3486 1213 3562 β’
1232 3506 1283 3558 pro
1300 3484 1441 3552 Ἀντώνιος
1461 3487 1601 3561 δεύτερος.

423 3598 450 3649 p.
470 3585 513 3647 68,
535 3587 548 3633 1
570 3579 643 3634 adn.
663 3579 737 3633 crit.
756 3595 807 3648 pro
823 3574 965 3639 Ἀντώνιος
983 3580 1074 3646 τρίτος
1093 3577 1184 3630 scribe
1203 3585 1343 3640 Ανιωνιος
1361 3574 1399 3647 γ’.

423 3660 503 3737 1178
522 3667 649 3722 testim.
670 3667 707 3720 ad
726 3684 750 3720 a.
766 3664 1273 3734 9040001’1110111001011001001Ι
1290 3668 1352 3721 149'
1374 3666 1445 3721 adde
1461 3667 1577 3722 ‘Annali
1594 3668 1658 3722 dell'

353 3758 420 3812 Inst.
441 3764 483 3824 84,
504 3763 581 3824 1818,
600 3775 627 3826 p.
647 3763 698 3811 875
718 3782 752 3802 =
770 3754 929 3808 Wilmanns
949 3756 1040 3809 2817'.
1061 3787 1093 3795 —
1114 3753 1219 3808 ibidem
1238 3756 1301 3809 adn.
1326 3755 1385 3810 crit.
1411 3763 1426 3809 8
1446 3755 1597 3825 legendum
1616 3759 1658 3811 cst

354 3840 499 3918 Perippiois
518 3862 568 3914 pro
589 3847 741 3913 Γαλορίων.

352 3980 354 3983 ,
423 3954 451 4004 p.
471 3942 513 4003 74,
535 3939 548 3987 l
569 3934 640 3989 adn,
661 3931 734 3986 crit.
761 3933 824 4003 lege
850 3935 1003 4002 Τερτυλλος
1024 3947 1076 4000 pro
1102 3930 1256 4000 Τέρτιλλος.
1280 3964 1313 3972 -
1337 3932 1445 3985 ibidem
1469 3933 1532 3987 adn.
1557 3933 1618 3988 crit.
1642 3940 1658 3987 5

353 4024 416 4093 lege
437 4027 547 4093 Οαρρος
564 4040 615 4092 pro
636 4026 753 4091 Οαρνος.

424 4130 451 4181 p.
473 4118 515 4179 77,
536 4119 549 4165 1
571 4112 643 4166 adn.
663 4110 736 4165 crit.
758 4109 848 4164 scribe
868 4114 1013 4165 Πουλλιων
1032 4125 1083 4178 pro
1102 4111 1238 4164 Πολλίων.

424 4220 452 4270 p.
473 4208 519 4268 78,
539 4207 555 4255 8
575 4201 648 4255 adn.
674 4199 746 4256 crit.
772 4198 862 4253 scribe
886 4204 1071 4266 Απολιναριος
1094 4215 1145 4268 pro
1165 4194 1376 4268 Ἄπολλινάριος.
1403 4231 1435 4238 -
1458 4198 1564 4252 ibidem
1586 4198 1658 4252 adn.

355 4289 430 4344 crit.
451 4297 467 4344 5
487 4289 572 4343 adde:
593 4293 718 4359 Σευηρος
738 4309 786 4343 και
805 4291 961 4356 Ερενιανος
980 4288 1063 4342 Fasti
1080 4305 1120 4359 pr.
1142 4288 1234 4341 XIII.

425 4398 452 4448 p.
474 4384 549 4446 79,1
574 4377 645 4432 adn.
670 4377 745 4431 orIt.
769 4376 885 4431 excidit:
906 4375 1005 4431 ‘Orfito
1034 4376 1138 4444 (Orfino
1161 4377 1189 4430 B
1214 4376 1354 4445 Prosperi)
1382 4378 1411 4429 ct
1433 4374 1556 4428 Maximo
1577 4374 1661 4430 Fasti

353 4484 414 4523 mse.
435 4469 481 4521 lat.
503 4470 633 4535 Ορφητος
651 4486 700 4520 και
718 4468 851 4535 Μαξιμος
869 4465 900 4520 F
898 4467 953 4520 asti
970 4483 1011 4534 pr.
1033 4465 1121 4518 XIII
1125 4466 1142 4518 '.
1505 4528 1511 4541 ,

427 4574 454 4625 p.
474 4561 517 4622 86,
537 4562 552 4609 3
572 4555 645 4608 adn.
665 4554 742 4609 crIt.
758 4555 842 4608 adde:
864 4551 987 4607 ‘Sossius
1001 4555 1077 4608 111011
1090 4555 1144 4608 duo
1157 4569 1303 4607 0000000110
1316 4552 1342 4605 Ι.
1356 4552 1393 4605 Ν.
1409 4555 1481 4605 4040
1495 4557 1520 4605 et
1537 4552 1660 4606 :abacos

356 4645 385 4699 0.
405 4645 430 4697 I.
451 4645 486 4698 L.
506 4649 532 4711 6,
551 4648 624 4699 1137
630 4662 655 4698 c:
675 4644 775 4698 eodem
792 4643 876 4697 modo
895 4644 1022 4696 auctores
1041 4640 1115 4696 inter
1134 4658 1163 4695 se
1182 4640 1321 4695 dissident
1339 4639 1369 4693 in
1388 4639 1534 4694 scribendo
1548 4639 1661 4694 nomine

354 4733 478 4788 consulis
497 4731 564 4787 anni
584 4734 689 4803 'ms-⁹22,
708 4732 757 4786 ubi
775 4732 862 4787 ride'.
