3766 5618
221 601 361 684 denique
392 598 534 666 chronici
566 596 729 681 paschalis
766 618 899 679 prorsus
930 596 1073 681 neglexi,
1106 594 1222 680 quippe
1255 616 1337 681 quae
1369 616 1386 658 e
1418 595 1520 659 latino

193 748 199 767 ,
217 705 315 771 Idatii
330 726 477 770 sermone
492 703 620 767 demum
638 725 732 768 versa
751 702 803 785 sit,
821 703 963 786 itemque
982 705 1133 785 excerpta
1151 723 1232 785 quae
1251 701 1400 767 dicuntur
1418 701 1521 765 latina

217 810 366 893 Barbari,
390 809 467 894 quia
490 808 605 872 misere
629 808 806 892 depravata
829 811 862 871 et
883 807 1080 889 interpolata
1099 807 1220 872 nullius
1239 808 1305 872 fere
1324 807 1419 890 pretii
1438 809 1521 870 sunt.

304 915 448 981 Nomina
477 915 645 979 consulum
674 918 831 998 quantum
858 913 929 977 fieri
957 913 1064 997 potuit
1091 915 1186 997 plena
1213 914 1288 978 data
1317 915 1405 977 sunt:
1439 934 1520 996 quae

218 1047 330 1091 eorum
358 1024 392 1087 in
420 1021 569 1087 cancellis
598 1021 762 1105 quadratis
786 1020 911 1084 inclusa
933 1023 1022 1102 sunt,
1045 1024 1102 1084 aut
1124 1022 1159 1084 in
1181 1018 1444 1103 inscriptionibus
1468 1018 1519 1082 de·

219 1131 355 1196 siderari
377 1133 434 1193 aut
457 1128 642 1193 coniectura
664 1148 731 1191 non
754 1127 835 1190 satis
865 1128 954 1190 certa
967 1126 1072 1207 inniti
1096 1127 1185 1191 scias.
1230 1124 1416 1191 testimonia
1439 1146 1520 1208 quae

217 1240 250 1302 in
273 1236 455 1322 marginem
482 1233 611 1318 seposui
639 1253 771 1316 operam
799 1254 895 1316 quam
923 1232 1062 1297 maxime
1092 1232 1220 1316 quidem
1244 1231 1329 1314 dedi,
1352 1234 1389 1295 ut
1412 1229 1520 1296 omnia

216 1364 444 1428 proponerem,
471 1340 527 1405 sed
554 1361 589 1404 re
618 1361 694 1405 vera
722 1361 773 1403 me
800 1342 959 1424 quotquot
984 1339 1195 1405 innotuerunt
1224 1338 1348 1402 dedisse
1378 1337 1433 1423 qui
1461 1359 1519 1420 per

216 1472 305 1513 meas
338 1448 482 1513 rationes
515 1445 673 1530 spondere
705 1444 857 1529 possem?
909 1466 1025 1510 moneo
1057 1448 1168 1509 tamen
1199 1467 1250 1509 me
1283 1445 1323 1508 ab
1354 1444 1416 1508 hac
1447 1444 1519 1528 lege

217 1555 381 1640 excepisse
404 1551 632 1636 inscriptiones
654 1552 838 1635 tegularum
862 1571 1058 1635 operumque
1081 1551 1299 1636 figulinoram,
1322 1572 1360 1614 ex
1383 1572 1518 1634 quarum

217 1661 422 1727 multitudine
454 1658 682 1724 innumerabili
714 1658 862 1742 inprimis
895 1656 935 1721 ad
967 1680 1070 1723 annos
1104 1659 1181 1740 123,
1215 1658 1291 1740 126,
1324 1658 1387 1722 134
1419 1656 1519 1741 selegi

216 1767 503 1848 memorabiliores,
521 1769 619 1849 atque
644 1765 733 1829 locos
757 1763 875 1828 codicis
894 1763 1075 1847 Iustiniani,
1094 1785 1240 1848 quorum,
1259 1764 1286 1828 si
1300 1764 1412 1847 plures¹
1423 1785 1518 1847 quam

217 1879 370 1959 quattuor
392 1872 443 1938 vel
467 1872 607 1955 quinque
632 1872 736 1953 erant,
756 1891 925 1932 numerum
949 1868 1062 1933 afferre
1087 1870 1165 1934 satis
1183 1869 1291 1935 habui.
1332 1869 1520 1934 testimonia

216 1983 289 2065 ipsa
316 1981 378 2045 hoc
405 1978 516 2044 ordine
545 1998 615 2041 sese
643 1977 788 2059 excipere
816 1976 908 2060 iussi,
936 1979 973 2039 ut
1000 1997 1082 2058 quac
1110 1998 1147 2040 ex
1174 1976 1269 2040 fastis
1294 1979 1326 2040 et
1349 1974 1519 2040 annalibus

217 2086 324 2153 Taciti
347 2088 443 2169 atque
465 2083 582 2148 Dionis
604 2083 707 2165 petita
731 2084 806 2146 sunt
829 2081 1064 2166 praecederent,
1087 2086 1157 2146 tum
1181 2104 1262 2167 quae
1284 2087 1412 2166 tempus
1436 2082 1519 2166 gesti

216 2192 402 2259 consulatus
421 2188 603 2255 accuratius
622 2188 790 2253 declarant
809 2187 919 2252 addita
937 2189 1056 2252 mensis
1076 2191 1108 2251 et
1126 2189 1190 2254 diei
1208 2192 1288 2253 nota
1308 2192 1519 2272 sequerentur

216 2299 312 2382 plena
334 2297 504 2379 descripta,
528 2315 645 2379 agmen
669 2294 808 2378 denique
831 2294 1017 2358 clauderent
1040 2295 1074 2357 in
1098 2296 1214 2379 quibus
1237 2296 1368 2361 nomina
1389 2297 1519 2359 tantum

217 2404 384 2470 consulum
404 2403 526 2466 extant.
571 2400 655 2464 inter
679 2422 760 2484 quae
778 2421 948 2465 numerum
968 2402 1098 2466 omnino
1119 2401 1293 2466 maximum
1313 2423 1382 2466 esse
1400 2422 1520 2484 eoram,

219 2532 301 2595 quae
324 2508 410 2574 binis
434 2511 564 2572 tantum
592 2506 779 2571 nominibus
807 2507 954 2571 eonsules
978 2510 1108 2590 notant,
1131 2508 1159 2572 is
1182 2529 1248 2573 non
1271 2506 1443 2572 mirabitur
1465 2506 1519 2590 qui

217 2614 426 2701 reputaverit,
450 2635 520 2677 eam
543 2613 702 2677 rationem
726 2635 846 2677 annum
870 2613 1083 2697 significandi,
1107 2614 1148 2678 ab
1172 2613 1366 2698 antiquitate
1390 2612 1517 2695 quidem

216 2723 445 2788 abhorrentem
459 2718 559 2785 sedin
571 2719 720 2783 omnibus
730 2719 894 2784 laterculis
906 2720 1035 2803 scriptis
1047 2720 1151 2785 adhuc
1163 2721 1298 2785 servatis
1310 2719 1520 2801 obtinentem,

215 2830 321 2894 medio
345 2828 411 2891 iam
433 2829 509 2909 post
532 2823 697 2889 Christum
726 2826 854 2890 saeculo
881 2826 987 2909 primo
1017 2826 1161 2892 adhiberi
1189 2831 1336 2911 coeptam
1359 2848 1437 2890 esse.
1483 2828 1520 2888 ut

216 2958 291 3001 vero
310 2934 489 3019 legentium
508 2932 684 2997 commodis
704 2933 790 2996 omni
811 2954 849 2996 ex
868 2937 959 3016 parte
978 2934 1176 3014 inservirem,
1189 2934 1287 3014 locos,
1302 2932 1358 2996 ubi
1372 2931 1519 2996 consules

192 3041 366 3107 ⁴omnibus
396 3040 447 3104 vel
480 3040 605 3103 saltem'
626 3038 773 3121 pluribus
803 3038 989 3104 nominibus
1020 3039 1183 3121 dicuntur,
1212 3038 1331 3102 litteris
1362 3042 1398 3101 ut
1428 3038 1520 3102 aiunt

218 3146 428 3212 crassioribus
462 3143 687 3228 exprimendos
716 3144 834 3209 curari.
879 3149 1048 3228 praeterea
1076 3145 1217 3209 breviter
1245 3144 1412 3227 adnotavi,
1435 3143 1518 3208 unde

217 3252 396 3318 accuratior
426 3252 545 3316 notitia
577 3251 663 3314 vitae
699 3272 870 3334 rerumque
907 3255 1072 3335 gestarum
1111 3252 1313 3336 singulorum
1351 3251 1537 3328 consulum⁸

218 3359 340 3441 hauriri
361 3360 482 3442 posset.

308 3464 347 3527 lu
369 3463 577 3528 adnotatione
605 3463 717 3528 critica
744 3485 841 3547 quam
869 3463 992 3528 subieci
1020 3463 1104 3528 hanc
1133 3464 1220 3529 viam
1243 3464 1324 3528 mihi
1346 3464 1519 3528 ineundam

218 3592 287 3636 esse
314 3571 440 3654 putavi,
467 3572 505 3633 ut
533 3567 766 3652 discrepantias
794 3569 953 3634 fastorum
981 3570 1015 3634 in
1044 3570 1206 3654 lapidibus
1236 3573 1437 3634 servatorum
1466 3590 1518 3632 ex·

216 3677 360 3741 hiberem
383 3676 536 3761 integras,
559 3675 704 3759 potiores
729 3679 835 3739 autem
855 3676 1025 3741 titulorum
1045 3680 1078 3741 et
1095 3677 1280 3741 tabularum
1299 3675 1518 3739 consularium

218 3782 543 3867 manuscriptorum.
588 3780 776 3864 inquibus,
804 3781 860 3844 ubi
886 3782 1010 3846 variam
1039 3782 1209 3847 lectionem
1233 3782 1362 3845 enotavi
1386 3781 1518 3866 nullam,

217 3911 254 3953 ea
277 3890 412 3955 nomina
434 3890 485 3954 vel
505 3890 700 3972 cognomina
718 3887 782 3972 legi
801 3891 912 3950 teneas
931 3888 1018 3972 volo,
1041 3910 1123 3972 quae
1143 3889 1176 3952 in
1195 3888 1331 3972 singulis
1350 3888 1518 3952 consulum

217 3995 383 4060 ordinibus
411 3995 551 4078 primum
579 3995 684 4058 locum
713 3993 870 4058 obtinent.
919 4014 960 4056 ne
988 4015 1063 4059 vero
1091 3994 1310 4060 adnotationis
1338 3995 1439 4058 moles
1467 3995 1518 4059 vel

216 4102 261 4166 sic
284 4102 350 4165 iam
375 4100 483 4184 ampla
512 4099 714 4164 incommode
743 4102 926 4184 augeretur,
954 4101 1080 4184 neglexi
1105 4102 1237 4165 omnino
1260 4100 1397 4165 leviores
1421 4100 1518 4165 libra-

214 4208 336 4273 riorum
352 4229 475 4271 errores
490 4211 523 4270 et
538 4206 823 4291 orthographicum
838 4227 935 4289 quam
954 4206 1064 4272 dieunt
1082 4207 1116 4272 in
1135 4207 1311 4273 scribendis
1331 4207 1517 4273 nominibus

215 4313 444 4396 diversitatem,
467 4313 531 4378 nisi
554 4313 582 4376 si
605 4313 769 4396 propriam
794 4314 936 4397 aliquam
956 4313 1130 4381 utilitatem
1150 4315 1219 4378 visa
1237 4316 1313 4378 sunt
1330 4313 1518 4396 praebitura

216 4441 294 4484 esse.
332 4419 444 4483 eadem
463 4420 502 4483 de
522 4441 621 4484 causa
641 4419 818 4484 sententias
839 4419 1059 4503 antiquiorum
1077 4421 1221 4485 virorum
1242 4419 1418 4503 doctorum,
1438 4442 1518 4504 quas

215 4525 315 4589 falsas
339 4546 409 4589 esse
433 4530 490 4589 aut
512 4525 576 4588 iam
601 4525 719 4589 dudum
742 4525 940 4609 patefactum
965 4529 1014 4590 est
1034 4530 1090 4591 aut
1109 4526 1323 4609 scriptoribus
1341 4526 1516 4609 lapidibus·

214 4654 275 4715 que
305 4631 391 4696 inter
418 4653 452 4695 se
480 4632 676 4715 comparatis
704 4654 789 4698 nunc
817 4631 912 4698 facile
939 4633 1086 4718 intellegi
1113 4636 1235 4716 potest,
1270 4634 1305 4698 in
1333 4634 1517 4697 universum

213 4738 316 4802 tacui:
339 4737 373 4801 id
397 4737 482 4822 quod
504 4738 576 4803 ideo
599 4738 661 4803 hoc
685 4739 757 4803 loco
782 4738 873 4821 addo,
896 4743 933 4803 ut
951 4761 1005 4804 eas
1026 4762 1076 4804 me
1094 4761 1161 4804 non
1180 4743 1249 4803 tam
1267 4739 1401 4804 latuisse
1420 4762 1517 4823 quam

214 4866 266 4909 me
290 4866 344 4909 eas
369 4844 518 4910 consulto
542 4846 690 4910 reiecisse
715 4847 909 4910 memineris.
